@book{UNDeclaration,
  author = {{United Nations}},
  title = {Universal Declaration of Human Rights},
  year = {1948},
  month = dec,
  venue = {Paris},
  month_numeric = {12}
}

@manual{kantlipsum,
  title = {The kantlipsum package.
  Generate sentences in {Kant's} style},
  author = {Gregorio, Enrico},
  url = {https://ctan.org/pkg/kantlipsum},
  urldate = {2025-09-01}, 
  date = {2023-11-27},
  year = 2023,
  version = {0.8c},
}

@Article{Hartke06,
  author = 	 {Stephen G. Hartke},
  title = 	 {A Survey of Free Math Fonts for {\TeX} and {\LaTeX}},
  journal = 	 {The Prac\TeX\ Journal},
  year = 	 2006,
  number = 	 1,
  url = {https://tug.org/pracjourn/2006-1/hartke/hartke.pdf},
}

@manual{free-math-font-survey,
title = {The \textsl{free-math-font-survey} package},
subtitle = {A survey of available free Mathematics fonts},
author = {Hartke, Stephen G.},
url = {https://ctan.org/pkg/free-math-font-survey},
urldate = {2023-09-02}, 
date = {2006-11-07},
year = 2006,
}

